<?xml version="1.0" encoding="UTF-8"?><collection xmlns="http://www.loc.gov/MARC21/slim"><record><leader>00360nam--2200121-i-4500</leader><controlfield tag="001">000018338</controlfield><controlfield tag="002">20161230</controlfield><controlfield tag="005">20161230201032</controlfield><controlfield tag="008">060222s1000------------r-----000-0-eng-d</controlfield><datafield ind1=" " ind2=" " tag="100"><subfield code="a">Felcher, G. P., Germagnoli, E., Musci, M</subfield></datafield><datafield ind1=" " ind2=" " tag="245"><subfield code="a">Absolute calibration of a ra-be neutron source</subfield></datafield><datafield ind1=" " ind2=" " tag="260"><subfield code="a">Milano,Instituto Di Fisica Del Politecnico, 1960. 8 P</subfield></datafield><datafield ind1=" " ind2=" " tag="852"><subfield code="a">7086</subfield></datafield></record></collection>